@article{gerzon_70a,
  title={The Principles of Quadraphonic Recording Part One: Are Four Channels Really Necessary?},
  volume={12},
  number={8},
  journal={Studio Sound},
  author={Michael Gerzon},
  year={1970},
  pages={338-342}
}

@article{gerzon_70b,
  title={The Principles of Quadraphonic Recording Part Two: The Vertical Element},
  volume={12},
  number={9},
  journal={Studio Sound},
  author={Michael Gerzon},
  year={1970},
  pages={380-384}
}

@article{gerzon_75,
  title={Ambisonics. Part two: Studio techniques},
  volume={17},
  number={8},
  journal={Studio Sound},
  author={Michael Gerzon},
  year={1975},
  pages={24-26}
}

@article{fellgett_75,
  title={Ambisonics. Part one: General system description},
  volume={17},
  number={8},
  journal={Studio Sound},
  author={Peter Fellgett},
  year={1975},
  pages={20-22}
}

@incollection{nono85,
  AUTHOR = {Nono, Luigi},
  TITLE = {Altre possibilità di ascolto},
  YEAR = {1985},
  BOOKTITLE = {Scritti e Colloqui I},
  EDITOR = {De Benedictis, Angela Ida and Rizzardi, Veniero},
  PUBLISHER = {Ricordi LIM},
  PAGES = {525-539}
}

@article{smalley_1997,
  title={Spectromorphology: explaining sound-shapes},
  volume={2},
  number={2},
  journal={Organised Sound},
  author={Smalley, Denis},
  year={1997},
  pages={107–126}
}
